@article{Adonias2017,
author = {Adonias, Geoflly and Farias, Ewerton and Santos, Weslley and Regis, Carlos},
year = {2017},
month = {09},
pages = {24-35},
title = {Análise Objetiva do Número de Bits Menos Significativos em Esteganografia de Imagens Digitais},
volume = {10},
journal = {iSys - Revista Brasileira de Sistemas de Informação},
doi = {10.5753/isys.2017.344}
}

@article{Regis2015,
  title={Design of objective video quality metrics using spatial and temporal informations},
  author={de Miranda Regis, Carlos Danilo and de Pontes Oliveira, Italo and de Miranda Cardoso, Jose Vinicius and de Alencar, Marcelo Sampaio},
  journal={IEEE Latin America Transactions},
  volume={13},
  number={3},
  pages={790--795},
  year={2015},
  publisher={IEEE}
}

@book{gonzalez2009processamento,
  title={Processamento Digital De Imagens},
  author={Gonzalez, R.C. and Woods, R.E.},
  isbn={9788576054016},
  url={https://books.google.com.br/books?id=r5f0RgAACAAJ},
  year={2009},
  publisher={ADDISON WESLEY BRA}
}